<record><leader>00000cas a22000007a 4500</leader><controlfield tag="001">13400332</controlfield><controlfield tag="008">860407d18901893wiuwr ne      0    0eng d</controlfield><datafield ind1=" " ind2=" " tag="010"><subfield code="a">sn 86086432 </subfield></datafield><datafield ind1=" " ind2=" " tag="040"><subfield code="a">NPV</subfield><subfield code="b">eng</subfield><subfield code="c">NPV</subfield><subfield code="d">OCLCQ</subfield></datafield><datafield ind1=" " ind2=" " tag="042"><subfield code="a">msc</subfield></datafield><datafield ind1=" " ind2=" " tag="045"><subfield code="a">w9w9</subfield></datafield><datafield ind1=" " ind2=" " tag="052"><subfield code="a">4123</subfield><subfield code="b">B3</subfield></datafield><datafield ind1="0" ind2=" " tag="130"><subfield code="a">Chronotype (Rice Lake, Wis. : 1890)</subfield></datafield><datafield ind1="1" ind2="4" tag="245"><subfield code="a">The chronotype.</subfield></datafield><datafield ind1=" " ind2=" " tag="260"><subfield code="a">Rice Lake, Barron County, Wis. :</subfield><subfield code="b">P.H. Swift,</subfield><subfield code="c">1890-1893.</subfield></datafield><datafield ind1=" " ind2=" " tag="300"><subfield code="a">3 v.</subfield></datafield><datafield ind1=" " ind2=" " tag="310"><subfield code="a">Weekly</subfield></datafield><datafield ind1="0" ind2=" " tag="362"><subfield code="a">Vol. 17, no. 1 (Aug. 7, 1890)-v. 19, no. 30 (Feb. 2, 1893).</subfield></datafield><datafield ind1=" " ind2=" " tag="500"><subfield code="a">Publisher varies.</subfield></datafield><datafield ind1=" " ind2=" " tag="500"><subfield code="a">Editor: P.H. Swift, Aug. 14, 1890-April 23, 1891.</subfield></datafield><datafield ind1=" " ind2=" " tag="525"><subfield code="a">Supplements accompany some issues.</subfield></datafield><datafield ind1=" " ind2=" " tag="530"><subfield code="a">Available on microfilm from The State Historical Society of Wisconsin.</subfield></datafield><datafield ind1=" " ind2=" " tag="752"><subfield code="a">United States</subfield><subfield code="b">Wisconsin</subfield><subfield code="c">Barron</subfield><subfield code="d">Rice Lake.</subfield></datafield><datafield ind1="0" ind2="0" tag="780"><subfield code="t">Barron County chronotype</subfield><subfield code="w">(DLC)sn 86086431</subfield></datafield><datafield ind1="0" ind2="0" tag="785"><subfield code="t">Rice Lake chronotype (Rice Lake, Wis. : 1893)</subfield><subfield code="w">(DLC)sn 86086433</subfield></datafield><datafield ind1="1" ind2=" " tag="029"><subfield code="a">AU@</subfield><subfield code="b">000025828770</subfield></datafield></record>